@misc{bokeh,
title = {Welcome to Bokeh - Bokeh 0.12.4 documentation},
year = {2015}, 
howpublished = "\url{http://bokeh.pydata.org/en/latest/}"},

@misc{htmlGui,
title = {gr-htmlgui - Miniature version of entire project},
year = {2017},
howpublished = "\url{https://github.com/kartikp1995/gr-htmlgui/}"}

@misc{arrange,
title = {15 jQuery plugins for creating Dynamic Layouts},
year = {2017},
howpublished = "\url{https://speckyboy.com/15-jquery-plugins-for-creating-dynamic-layouts/}"}